@book{cis17,
  author = {Center for Open and Lifelong Learning},
  title = {Contemporary Issues Study Guide},
  year = {2015},
	publisher = {NUST}
},
@misc{bancobr,
  author = {Banco Central do Brasil},
	title = {Cooperative Governance - Guidelines for Good Practices of Financial Cooperative Governance},
  year = {20008}
},
@misc{yal,
  author = {Sinha, DK},
	title = {Advantages and Disadvantages of Cooperative Society Discussed},
	howpublished = {\url{http://www.yourarticlelibrary.com/business/cooperative/advantages-and-disadvantages-of-cooperative-society-discussed/40799/}},
  year = {2016},
	urldate = {2017-03-07}
},
@misc{chron,
  title={The Advantages of a Cooperative Business},
  author={Sessoms, Gail},
	howpublished = {\url{http://smallbusiness.chron.com/advantages-cooperative-business-23592.html}},
  year = {2016}
},
@misc{agracoop,
  title={History - About Agra},
  author={Agra Limited},
  year={2017},
  urldate = {2017-03-10}
}