@incollection{elmorr2010,
author = {El Morr, Christo and Subercaze, Julien},
title = {Knowledge management in healthcare},
booktitle = {Handbook of Research on Developments in e-Health and Telemedicine: Technological ans Sical Perspectives},
pages = {490--510},
year = {2010},
publisher = {IGI Global}
}

@article{bordoloi2012,
author = {Bordoloi, Prantik and Islam, Nazrul},
title = {Knowledge management practices and healthcare delivery: a contigency framework},
journal = {The Electronic Journal of Knowledge Management},
volume = {10},
number = {2},
pages = {110--120},
year = {2012}
}

@article{guptill2005,
author = {Guptill, Janet},
title = {Knowledge management in health care},
journal = {Journal of health care finance},
volume = {31},
number = {3},
pages = {10--14},
year = {2005}
}

@incollection{wickramasinghe2007,
author = {WSickramasinghe, Nilmini},
title = {Healthcare knowledge management: Incorporating the tools, technologies, strategies and processes of knowledge management to effect superior healthcare delivery},
booktitle = {Healthcare Knowledge Management},
pages = {87--103},
year = {2007},
publisher = {Springer}
}

@article{aggarwal2010,
  title={Training and simulation for patient safety},
  author={Aggarwal, Rajesh and Mytton, Oliver T and Derbrew, Milliard and Hananel, David and Heydenburg, Mark and Issenberg, Barry and MacAulay, Catherine and Mancini, Mary Elizabeth and Morimoto, Takeshi and Soper, Nathaniel and others},
  journal={Quality and Safety in Health Care},
  volume={19},
  number={Suppl 2},
  pages={i34--i43},
  year={2010},
  publisher={BMJ Publishing Group Ltd}
}

@article{morello2013,
  title={Strategies for improving patient safety culture in hospitals: a systematic review},
  author={Morello, Renata Teresa and Lowthian, Judy A and Barker, Anna Lucia and McGinnes, Rosemary and Dunt, David and Brand, Caroline},
  journal={BMJ quality \& safety},
  volume={22},
  number={1},
  pages={11--18},
  year={2013},
  publisher={BMJ Publishing Group Ltd}
}

@article {barnard2013,
author = {Barnard, Cynthia},
title = {Protect the Integrity and Quality of Healthcare},
journal = {Journal for Healthcare Quality},
volume = {35},
number = {3},
issn = {1945-1474},
url = {http://dx.doi.org/10.1111/jhq.12013},
doi = {10.1111/jhq.12013},
pages = {7--8},
year = {2013},
}

@article{arrowood2013,
  title={Integrity of the healthcare record. Best practices for EHR documentation.},
  author={Arrowood, D and Choate, E and Curtis, E and DeCathelineau, S and Drury, B and Fenton, S and Gelzer, R and Goldberg, A and Goyal, P and Hall, T and others},
  journal={Journal of AHIMA/American Health Information Management Association},
  volume={84},
  number={8},
  pages={58},
  year={2013}
}

@misc{healthitanalytics2015,
	title = {Four EHR Optimization Steps for Healthcare Data Integrity},
	url = {http://healthitanalytics.com/news/four-ehr-optimization-steps-for-healthcare-data-integrity},
	urldate = {2017-03-15},
	journal = {HealthITAnalytics},
	author = {HealthITAnalytics},
	year = {2015}
}

@misc{compweekly,
	author={ComputerWeekly},
	title = {Time to outsource data storage},
	url = {http://www.computerweekly.com/opinion/Time-to-outsource-data-storage},
	urldate = {2017-03-15}
}