@misc{w3c:color,
  author = {W3C},
  title = {{W3C} Color Picker},
  howpublished = {\url{https://www.w3schools.com/colors/colors_picker.asp}},
  year = {2017},
	urldate = {2017-03-07}
},
@misc{latex,
  author = {\LaTeX 3 Project},
	title = {Introduction to {\LaTeX}},
	howpublished = {\url{https://www.latex-project.org/about/}},
  year = {2017},
	urldate = {2017-03-07},
},
@misc{graphviz,
  author = {Graphviz},
	title = {Graphviz - Graph Visualization Software},
	howpublished = {\url{http://www.graphviz.org/}},
  year = {2017},
	urldate = {2017-03-07}
},
@misc{novak:2008,
  title={The theory underlying concept maps and how to construct and use them},
  author={Novak, Joseph D and Ca{\~n}as, Alberto J},
	howpublished = {\url{http://cmap.ihmc.us/docs/pdf/TheoryUnderlyingConceptMaps.pdf}},
  year = {2003}
},
@book{novak:2010,
  title={Learning, creating, and using knowledge: Concept maps as facilitative tools in schools and corporations},
  author={Novak, Joseph D},
  year={2010},
  publisher={Routledge}
}